% Generated by Paperpile. Check out https://paperpile.com for more information.
% BibTeX export options can be customized via Settings -> BibTeX.

@ARTICLE{Lou2021-me,
  title    = "A beginner's guide to low-coverage whole genome sequencing for
              population genomics",
  author   = "Lou, Runyang Nicolas and Jacobs, Arne and Wilder, Aryn P and
              Therkildsen, Nina Overgaard",
  journal  = "Mol. Ecol.",
  month    =  jul,
  year     =  2021,
  language = "en",
  issn     = "0962-1083, 1365-294X",
  pmid     = "34250668",
  doi      = "10.1111/mec.16077"
}

@ARTICLE{Dorant2019-fb,
  title    = "Comparing Pool-seq, Rapture, and {GBS} genotyping for inferring
              weak population structure: The American lobster (Homarus
              americanus) as a case study",
  author   = "Dorant, Yann and Benestan, Laura and Rougemont, Quentin and
              Normandeau, Eric and Boyle, Brian and Rochette, R{\'e}my and
              Bernatchez, Louis",
  journal  = "Ecol. Evol.",
  volume   =  9,
  number   =  11,
  pages    = "6606--6623",
  month    =  jun,
  year     =  2019,
  language = "en",
  issn     = "2045-7758",
  pmid     = "31236247",
  doi      = "10.1002/ece3.5240",
  pmc      = "PMC6580275"
}

@ARTICLE{Fuentes-Pardo2017-nu,
  title    = "Whole-genome sequencing approaches for conservation biology:
              Advantages, limitations and practical recommendations",
  author   = "Fuentes-Pardo, Angela P and Ruzzante, Daniel E",
  journal  = "Mol. Ecol.",
  volume   =  26,
  number   =  20,
  pages    = "5369--5406",
  month    =  oct,
  year     =  2017,
  language = "en",
  issn     = "0962-1083, 1365-294X",
  pmid     = "28746784",
  doi      = "10.1111/mec.14264"
}


@ARTICLE{Dorant2019-fb,
  title    = "Comparing Pool-seq, Rapture, and {GBS} genotyping for inferring
              weak population structure: The American lobster (Homarus
              americanus) as a case study",
  author   = "Dorant, Yann and Benestan, Laura and Rougemont, Quentin and
              Normandeau, Eric and Boyle, Brian and Rochette, R{\'e}my and
              Bernatchez, Louis",
  journal  = "Ecol. Evol.",
  volume   =  9,
  number   =  11,
  pages    = "6606--6623",
  month    =  jun,
  year     =  2019,
  language = "en",
  issn     = "2045-7758",
  pmid     = "31236247",
  doi      = "10.1002/ece3.5240",
  pmc      = "PMC6580275"
}

@ARTICLE{Benjelloun2019-dq,
  title    = "An evaluation of sequencing coverage and genotyping strategies to
              assess neutral and adaptive diversity",
  author   = "Benjelloun, Badr and Boyer, Fr{\'e}d{\'e}ric and Streeter, Ian
              and Zamani, Wahid and Engelen, Stefan and Alberti, Adriana and
              Alberto, Florian J and BenBati, Mohamed and Ibnelbachyr, Mustapha
              and Chentouf, Mouad and Bechchari, Abdelmajid and Rezaei, Hamid R
              and Naderi, Saeid and Stella, Alessandra and Chikhi, Abdelkader
              and Clarke, Laura and Kijas, James and Flicek, Paul and Taberlet,
              Pierre and Pompanon, Fran{\c c}ois",
  journal  = "Mol. Ecol. Resour.",
  volume   =  19,
  number   =  6,
  pages    = "1497--1515",
  month    =  nov,
  year     =  2019,
  language = "en",
  issn     = "1755-098X, 1755-0998",
  pmid     = "31359622",
  doi      = "10.1111/1755-0998.13070",
  pmc      = "PMC7115901"
}

@ARTICLE{Matz2018-vl,
  title    = "Fantastic Beasts and How To Sequence Them: Ecological Genomics
              for Obscure Model Organisms",
  author   = "Matz, Mikhail V",
  journal  = "Trends Genet.",
  volume   =  34,
  number   =  2,
  pages    = "121--132",
  month    =  feb,
  year     =  2018,
  language = "en",
  issn     = "0168-9525",
  pmid     = "29198378",
  doi      = "10.1016/j.tig.2017.11.002"
}

