@article{brennan2022experimental,
  title={Experimental evolution reveals the synergistic genomic mechanisms of adaptation to ocean warming and acidification in a marine copepod},
  author={Brennan, Reid S and DeMayo, James A and Dam, Hans G and Finiguerra, Michael and Baumann, Hannes and Buffalo, Vince and Pespeni, Melissa H},
  journal={Proceedings of the National Academy of Sciences},
  volume={119},
  number={38},
  pages={e2201521119},
  year={2022},
  publisher={National Acad Sciences}
}



@article{buffalo2020estimating,
  title={Estimating the genome-wide contribution of selection to temporal allele frequency change},
  author={Buffalo, Vince and Coop, Graham},
  journal={Proceedings of the National Academy of Sciences},
  volume={117},
  number={34},
  pages={20672--20680},
  year={2020},
  publisher={National Acad Sciences}
}


@article{ellis2012gradient,
  title={Gradient forests: calculating importance gradients on physical predictors},
  author={Ellis, Nick and Smith, Stephen J and Pitcher, C Roland},
  journal={Ecology},
  volume={93},
  number={1},
  pages={156--168},
  year={2012},
  publisher={Wiley Online Library}
}

@article{breiman2001random,
  title={Random forests},
  author={Breiman, Leo},
  journal={Machine learning},
  volume={45},
  pages={5--32},
  year={2001},
  publisher={Springer}
}

@article{forester2025population,
  title={Population Genomics Reveals Local Adaptation Related to Temperature Variation in Two Stream Frog Species: Implications for Vulnerability to Climate Warming},
  author={Forester, Brenna R and Cicchino, Amanda S and Shah, Alisha A and Mudd, Austin B and Anderson, Eric C and Bredeson, Jessen V and Crawford, Andrew J and Dunham, Jason B and Ghalambor, Cameron K and Landguth, Erin L and others},
  journal={Molecular Ecology},
  pages={e17651},
  year={2025},
  publisher={Wiley Online Library}
}



@article{wooldridge2024limited,
  title={Limited genomic signatures of population collapse in the critically endangered black abalone (Haliotis cracherodii)},
  author={Wooldridge, Brock and Orland, Chlo{\'e} and Enbody, Erik and Escalona, Merly and Mirchandani, Cade and Corbett-Detig, Russell and Kapp, Joshua D and Fletcher, Nathaniel and Cox-Ammann, Karah and Raimondi, Peter and others},
  journal={Molecular Ecology},
  pages={e17362},
  year={2024},
  publisher={Wiley Online Library}
}

@article{rumberger2023selection,
  title={Selection Over Small and Large Spatial Scales in the Face of High Gene Flow},
  author={Rumberger, Camille and Armstrong, Madison and Kim, Martin and Melendez, Josue and Ponce, Raquel and DeBiasse, Melissa and Caplins, Serena and Bay, Rachael},
  journal={Authorea Preprints},
  year={2023},
  publisher={Authorea}
}

@article{nielsen2021distinct,
  title={Distinct interspecific and intraspecific vulnerability of coastal species to global change},
  author={Nielsen, Erica S and Henriques, Romina and Beger, Maria and von der Heyden, Sophie},
  journal={Global Change Biology},
  volume={27},
  number={15},
  pages={3415--3431},
  year={2021},
  publisher={Wiley Online Library}
}


@article{assis2018bio,
  title={Bio-ORACLE v2. 0: Extending marine data layers for bioclimatic modelling},
  author={Assis, Jorge and Tyberghein, Lennert and Bosch, Samuel and Verbruggen, Heroen and Serr{\~a}o, Ester A and De Clerck, Olivier},
  journal={Global Ecology and Biogeography},
  volume={27},
  number={3},
  pages={277--284},
  year={2018},
  publisher={Wiley Online Library}
}


@article{caye2019lfmm,
  title={LFMM 2: fast and accurate inference of gene-environment associations in genome-wide studies},
  author={Caye, Kevin and Jumentier, Basile and Lepeule, Johanna and Fran{\c{c}}ois, Olivier},
  journal={Molecular biology and evolution},
  volume={36},
  number={4},
  pages={852--860},
  year={2019},
  publisher={Oxford University Press}
}


@article{wright1949population,
  title={Population structure in evolution},
  author={Wright, Sewall},
  journal={Proceedings of the American Philosophical Society},
  volume={93},
  number={6},
  pages={471--478},
  year={1949},
  publisher={JSTOR}
}

@article{griffiths2025seascape,
  title={Seascape Genomics of Red Abalone: Limited Range-Wide Population Structure and Evidence for Local Adaptation},
  author={Griffiths, Joanna S and Smith, Kendall and Whitehead, Andrew},
  journal={Molecular Ecology},
  pages={e17650},
  year={2025},
  publisher={Wiley Online Library}
}


@article{lou2021beginner,
  title={A beginner's guide to low-coverage whole genome sequencing for population genomics},
  author={Lou, Runyang Nicolas and Jacobs, Arne and Wilder, Aryn P and Therkildsen, Nina Overgaard},
  journal={Molecular Ecology},
  volume={30},
  number={23},
  pages={5966--5993},
  year={2021},
  publisher={Wiley Online Library}
}

@article{van2017identifying,
  title={Identifying patterns of dispersal, connectivity and selection in the sea scallop, Placopecten magellanicus, using RAD seq-derived SNP s},
  author={Van Wyngaarden, Mallory and Snelgrove, Paul VR and DiBacco, Claudio and Hamilton, Lorraine C and Rodr{\'\i}guez-Ezpeleta, Naiara and Jeffery, Nicholas W and Stanley, Ryan RE and Bradbury, Ian R},
  journal={Evolutionary Applications},
  volume={10},
  number={1},
  pages={102--117},
  year={2017},
  publisher={Wiley Online Library}
}

@article{lotterhos2014evaluation,
  title={Evaluation of demographic history and neutral parameterization on the performance of FST outlier tests},
  author={Lotterhos, Katie E and Whitlock, Michael C},
  journal={Molecular ecology},
  volume={23},
  number={9},
  pages={2178--2192},
  year={2014},
  publisher={Wiley Online Library}
}

@article{petak2023whole,
  title={Whole-genome sequencing reveals that regulatory and low pleiotropy variants underlie local adaptation to environmental variability in purple sea urchins},
  author={Petak, Csenge and Frati, Lapo and Brennan, Reid S and Pespeni, Melissa H},
  journal={The American Naturalist},
  volume={202},
  number={4},
  pages={571--586},
  year={2023},
  publisher={The University of Chicago Press Chicago, IL}
}

@article{hoban2021genetic,
  title={Genetic diversity is considered important but interpreted narrowly in country reports to the Convention on Biological Diversity: Current actions and indicators are insufficient},
  author={Hoban, Sean and Campbell, Catriona D and da Silva, Jessica M and Ekblom, Robert and Funk, W Chris and Garner, Brittany A and Godoy, Jos{\'e} A and Kershaw, Francine and MacDonald, Anna J and Mergeay, Joachim and others},
  journal={Biological Conservation},
  volume={261},
  pages={109233},
  year={2021},
  publisher={Elsevier}
}

@article{beaumont1996evaluating,
  title={Evaluating loci for use in the genetic analysis of population structure},
  author={Beaumont, Mark A and Nichols, Richard A},
  journal={Proceedings of the Royal Society of London. Series B: Biological Sciences},
  volume={263},
  number={1377},
  pages={1619--1626},
  year={1996},
  publisher={The Royal Society London}
}

@article{foll2008genome,
  title={A genome-scan method to identify selected loci appropriate for both dominant and codominant markers: a Bayesian perspective},
  author={Foll, Matthieu and Gaggiotti, Oscar},
  journal={Genetics},
  volume={180},
  number={2},
  pages={977--993},
  year={2008},
  publisher={Oxford University Press}
}

@article{duforet2015haplopop,
  title={HaploPOP: a software that improves population assignment by combining markers into haplotypes},
  author={Duforet-Frebourg, Nicolas and Gattepaille, Lucie M and Blum, Michael GB and Jakobsson, Mattias},
  journal={BMC bioinformatics},
  volume={16},
  pages={1--8},
  year={2015},
  publisher={Springer}
}

@article{lotterhos2019effect,
  title={The effect of neutral recombination variation on genome scans for selection},
  author={Lotterhos, Katie E},
  journal={G3: Genes, Genomes, Genetics},
  volume={9},
  number={6},
  pages={1851--1867},
  year={2019},
  publisher={Oxford University Press}
}

@article{silliman2019population,
  title={Population structure, genetic connectivity, and adaptation in the Olympia oyster (Ostrea lurida) along the west coast of North America},
  author={Silliman, Katherine},
  journal={Evolutionary applications},
  volume={12},
  number={5},
  pages={923--939},
  year={2019},
  publisher={Wiley Online Library}
}

@article{whitlock2015reliable,
  title={Reliable detection of loci responsible for local adaptation: Inference of a null model through trimming the distribution of F ST},
  author={Whitlock, Michael C and Lotterhos, Katie E},
  journal={The American Naturalist},
  volume={186},
  number={S1},
  pages={S24--S36},
  year={2015},
  publisher={University of Chicago Press Chicago, IL}
}

@article{lotterhos2022simulation,
  title={Simulation tests of methods in evolution, ecology, and systematics: pitfalls, progress, and principles},
  author={Lotterhos, Katie E and Fitzpatrick, Matthew C and Blackmon, Heath},
  journal={Annual review of ecology, evolution, and systematics},
  volume={53},
  pages={113--136},
  year={2022},
  publisher={Annual Reviews}
}

@article{capblancq2018evaluation,
  title={Evaluation of redundancy analysis to identify signatures of local adaptation},
  author={Capblancq, Thibaut and Luu, Keurcien and Blum, Michael GB and Bazin, Eric},
  journal={Molecular ecology resources},
  volume={18},
  number={6},
  pages={1223--1233},
  year={2018},
  publisher={Wiley Online Library}
}

@article{luu2017pcadapt,
  title={pcadapt: an R package to perform genome scans for selection based on principal component analysis},
  author={Luu, Keurcien and Bazin, Eric and Blum, Michael GB},
  journal={Molecular ecology resources},
  volume={17},
  number={1},
  pages={67--77},
  year={2017},
  publisher={Wiley Online Library}
}

@article{hoban2016finding,
  title={Finding the genomic basis of local adaptation: pitfalls, practical solutions, and future directions},
  author={Hoban, Sean and Kelley, Joanna L and Lotterhos, Katie E and Antolin, Michael F and Bradburd, Gideon and Lowry, David B and Poss, Mary L and Reed, Laura K and Storfer, Andrew and Whitlock, Michael C},
  journal={The American Naturalist},
  volume={188},
  number={4},
  pages={379--397},
  year={2016},
  publisher={University of Chicago Press Chicago, IL}
}

@article{robertson1975gene,
  title={Gene frequency distributions as a test of selective neutrality},
  author={Robertson, Alan},
  journal={Genetics},
  volume={81},
  number={4},
  pages={775--785},
  year={1975},
  publisher={Oxford University Press}
}

@article{ahrens2018search,
  title={The search for loci under selection: trends, biases and progress},
  author={Ahrens, Collin W and Rymer, Paul D and Stow, Adam and Bragg, Jason and Dillon, Shannon and Umbers, Kate DL and Dudaniec, Rachael Y},
  journal={Molecular ecology},
  volume={27},
  number={6},
  pages={1342--1356},
  year={2018},
  publisher={Wiley Online Library}
}

@article{narum2011comparison,
  title={Comparison of FST outlier tests for SNP loci under selection},
  author={Narum, Shawn R and Hess, Jon E},
  journal={Molecular ecology resources},
  volume={11},
  pages={184--194},
  year={2011},
  publisher={Wiley Online Library}
}

@article{perez2010comparing,
  title={Comparing three different methods to detect selective loci using dominant markers},
  author={P{\'e}rez-Figueroa, A and Garc{\'\i}a-Pereira, MJ and Saura, M and Rol{\'a}n-Alvarez, E and Caballero, A},
  journal={Journal of evolutionary biology},
  volume={23},
  number={10},
  pages={2267--2276},
  year={2010},
  publisher={Blackwell Publishing Ltd Oxford, UK}
}

@article{foll2008genome,
  title={A genome-scan method to identify selected loci appropriate for both dominant and codominant markers: a Bayesian perspective},
  author={Foll, Matthieu and Gaggiotti, Oscar},
  journal={Genetics},
  volume={180},
  number={2},
  pages={977--993},
  year={2008},
  publisher={Oxford University Press}
}

@article{schlotterer2014sequencing,
  title={Sequencing pools of individuals—mining genome-wide polymorphism data without big funding},
  author={Schl{\"o}tterer, Christian and Tobler, Raymond and Kofler, Robert and Nolte, Viola},
  journal={Nature Reviews Genetics},
  volume={15},
  number={11},
  pages={749--763},
  year={2014},
  publisher={Nature Publishing Group UK London}
}

@article{bonhomme2010detecting,
  title={Detecting selection in population trees: the Lewontin and Krakauer test extended},
  author={Bonhomme, Maxime and Chevalet, Claude and Servin, Bertrand and Boitard, Simon and Abdallah, Jihad and Blott, Sarah and SanCristobal, Magali},
  journal={Genetics},
  volume={186},
  number={1},
  pages={241--262},
  year={2010},
  publisher={Oxford University Press}
}

@article{pickrell2012inference,
  title={Inference of population splits and mixtures from genome-wide allele frequency data},
  author={Pickrell, Joseph and Pritchard, Jonathan},
  journal={Nature Precedings},
  pages={1--1},
  year={2012},
  publisher={Nature Publishing Group UK London}
}

@article{dauphin2023re,
  title={Re-thinking the environment in landscape genomics},
  author={Dauphin, Benjamin and Rellstab, Christian and W{\"u}est, Rafael O and Karger, Dirk N and Holderegger, Rolf and Gugerli, Felix and Manel, St{\'e}phanie},
  journal={Trends in Ecology \& Evolution},
  volume={38},
  number={3},
  pages={261--274},
  year={2023},
  publisher={Elsevier}
}

@article{riginos2016navigating,
  title={Navigating the currents of seascape genomics: how spatial analyses can augment population genomic studies},
  author={Riginos, Cynthia and Crandall, Eric D and Liggins, Libby and Bongaerts, Pim and Treml, Eric A},
  journal={Current zoology},
  volume={62},
  number={6},
  pages={581--601},
  year={2016},
  publisher={Oxford University Press}
}

@article{lotterhos2015relative,
  title={The relative power of genome scans to detect local adaptation depends on sampling design and statistical method},
  author={Lotterhos, Katie E and Whitlock, Michael C},
  journal={Molecular ecology},
  volume={24},
  number={5},
  pages={1031--1046},
  year={2015},
  publisher={Wiley Online Library}
}

@article{franccois2016controlling,
  title={Controlling false discoveries in genome scans for selection},
  author={Fran{\c{c}}ois, Olivier and Martins, Helena and Caye, Kevin and Schoville, Sean D},
  journal={Molecular ecology},
  volume={25},
  number={2},
  pages={454--469},
  year={2016},
  publisher={Wiley Online Library}
}

@article{forester2016detecting,
  title={Detecting spatial genetic signatures of local adaptation in heterogeneous landscapes},
  author={Forester, Brenna R and Jones, Matthew R and Joost, St{\'e}phane and Landguth, Erin L and Lasky, Jesse R},
  journal={Molecular ecology},
  volume={25},
  number={1},
  pages={104--120},
  year={2016},
  publisher={Wiley Online Library}
}

@article{alvarado2022genotype,
  title={Genotype--environment associations across spatial scales reveal the importance of putative adaptive genetic variation in divergence},
  author={Alvarado, Allison H and Bossu, Christen M and Harrigan, Ryan J and Bay, Rachael A and Nelson, Allison RP and Smith, Thomas B and Ruegg, Kristen C},
  journal={Evolutionary Applications},
  volume={15},
  number={9},
  pages={1390--1407},
  year={2022},
  publisher={Wiley Online Library}
}

@article{capblancq2021redundancy,
  title={Redundancy analysis: A Swiss Army Knife for landscape genomics},
  author={Capblancq, Thibaut and Forester, Brenna R},
  journal={Methods in Ecology and Evolution},
  volume={12},
  number={12},
  pages={2298--2309},
  year={2021},
  publisher={Wiley Online Library}
}

@article{selmoni2020seascape,
  title={Seascape genomics as a new tool to empower coral reef conservation strategies: An example on north-western Pacific Acropora digitifera},
  author={Selmoni, Oliver and Rochat, Estelle and Lecellier, Gael and Berteaux-Lecellier, Veronique and Joost, St{\'e}phane},
  journal={Evolutionary Applications},
  volume={13},
  number={8},
  pages={1923--1938},
  year={2020},
  publisher={Wiley Online Library}
}

@article{fitzpatrick2021experimental,
  title={Experimental support for genomic prediction of climate maladaptation using the machine learning approach Gradient Forests},
  author={Fitzpatrick, Matthew C and Chhatre, Vikram E and Soolanayakanahally, Raju Y and Keller, Stephen R},
  journal={Molecular Ecology Resources},
  volume={21},
  number={8},
  pages={2749--2765},
  year={2021},
  publisher={Wiley Online Library}
}

@article{gunther2013robust,
  title={Robust identification of local adaptation from allele frequencies},
  author={G{\"u}nther, Torsten and Coop, Graham},
  journal={Genetics},
  volume={195},
  number={1},
  pages={205--220},
  year={2013},
  publisher={Oxford University Press}
}

@article{de2015new,
  title={A new FST-based method to uncover local adaptation using environmental variables},
  author={De Villemereuil, Pierre and Gaggiotti, Oscar E},
  journal={Methods in Ecology and Evolution},
  volume={6},
  number={11},
  pages={1248--1258},
  year={2015},
  publisher={Wiley Online Library}
}

@article{coop2010using,
  title={Using environmental correlations to identify loci underlying local adaptation},
  author={Coop, Graham and Witonsky, David and Di Rienzo, Anna and Pritchard, Jonathan K},
  journal={Genetics},
  volume={185},
  number={4},
  pages={1411--1423},
  year={2010},
  publisher={Oxford University Press}
}

@article{gautier2015genome,
  title={Genome-wide scan for adaptive divergence and association with population-specific covariates},
  author={Gautier, Mathieu},
  journal={Genetics},
  volume={201},
  number={4},
  pages={1555--1579},
  year={2015},
  publisher={Oxford University Press}
}

@article{rellstab2015practical,
  title={A practical guide to environmental association analysis in landscape genomics},
  author={Rellstab, Christian and Gugerli, Felix and Eckert, Andrew J and Hancock, Angela M and Holderegger, Rolf},
  journal={Molecular ecology},
  volume={24},
  number={17},
  pages={4348--4370},
  year={2015},
  publisher={Wiley Online Library}
}

@article{forester2018comparing,
  title={Comparing methods for detecting multilocus adaptation with multivariate genotype--environment associations},
  author={Forester, Brenna R and Lasky, Jesse R and Wagner, Helene H and Urban, Dean L},
  journal={Molecular ecology},
  volume={27},
  number={9},
  pages={2215--2233},
  year={2018},
  publisher={Wiley Online Library}
}

@article{frichot2013testing,
  title={Testing for associations between loci and environmental gradients using latent factor mixed models},
  author={Frichot, Eric and Schoville, Sean D and Bouchard, Guillaume and Fran{\c{c}}ois, Olivier},
  journal={Molecular biology and evolution},
  volume={30},
  number={7},
  pages={1687--1699},
  year={2013},
  publisher={Oxford University Press}
}

@article{frichot2015lea,
  title={LEA: An R package for landscape and ecological association studies},
  author={Frichot, Eric and Fran{\c{c}}ois, Olivier},
  journal={Methods in Ecology and Evolution},
  volume={6},
  number={8},
  pages={925--929},
  year={2015},
  publisher={Wiley Online Library}
}

@article{ellis2012gradient,
  title={Gradient forests: calculating importance gradients on physical predictors},
  author={Ellis, Nick and Smith, Stephen J and Pitcher, C Roland},
  journal={Ecology},
  volume={93},
  number={1},
  pages={156--168},
  year={2012},
  publisher={Wiley Online Library}
}

@article{breiman2001random,
  title={Random forests},
  author={Breiman, Leo},
  journal={Machine learning},
  volume={45},
  pages={5--32},
  year={2001},
  publisher={Springer}
}

@article{zhao2012correction,
  title={Correction for population stratification in random forest analysis},
  author={Zhao, Yang and Chen, Feng and Zhai, Rihong and Lin, Xihong and Wang, Zhaoxi and Su, Li and Christiani, David C},
  journal={International journal of epidemiology},
  volume={41},
  number={6},
  pages={1798--1806},
  year={2012},
  publisher={Oxford University Press}
}

@article{fitzpatrick2015ecological,
  title={Ecological genomics meets community-level modelling of biodiversity: Mapping the genomic landscape of current and future environmental adaptation},
  author={Fitzpatrick, Matthew C and Keller, Stephen R},
  journal={Ecology letters},
  volume={18},
  number={1},
  pages={1--16},
  year={2015},
  publisher={Wiley Online Library}
}

@article{jean2021copernicus,
  title={The Copernicus global 1/12 oceanic and sea ice GLORYS12 reanalysis},
  author={Jean-Michel, Lellouche and Eric, Greiner and Romain, Bourdall{\'e}-Badie and Gilles, Garric and Ang{\'e}lique, Melet and Marie, Dr{\'e}villon and Cl{\'e}ment, Bricaud and Mathieu, Hamon and Olivier, Le Galloudec and Charly, Regnier and others},
  journal={Frontiers in Earth Science},
  volume={9},
  pages={698876},
  year={2021},
  publisher={Frontiers Media SA}
}

@article{chamberlain2021multiscale,
  title={Multiscale data assimilation in the Bluelink ocean reanalysis (BRAN)},
  author={Chamberlain, MA and Oke, PR and Brassington, GB and Sandery, P and Divakaran, P and Fiedler, RAS},
  journal={Ocean Modelling},
  volume={166},
  pages={101849},
  year={2021},
  publisher={Elsevier}
}

@article{wang2021life,
  title={Life in the fast lane: Modeling the fate of glass sponge larvae in the Gulf Stream},
  author={Wang, Shuangqiang and Kenchington, Ellen and Wang, Zeliang and Davies, Andrew J},
  journal={Frontiers in Marine Science},
  volume={8},
  pages={701218},
  year={2021},
  publisher={Frontiers}
}

@article{brickman2021projections,
  title={Projections of physical conditions in the Gulf of Maine in 2050},
  author={Brickman, Dave and Alexander, Michael A and Pershing, Andrew and Scott, James D and Wang, Zeliang},
  journal={Elem Sci Anth},
  volume={9},
  number={1},
  pages={00055},
  year={2021},
  publisher={University of California Press}
}

@article{brassington2007bluelink,
  title={BLUElink> Development of operational oceanography and servicing in Australia},
  author={Brassington, Gary B and Pugh, Tim and Spillman, Claire and Schulz, Eric and Beggs, Helen and Schiller, Andreas and Oke, Peter R},
  journal={Journal of Research and Practice in Information Technology},
  volume={39},
  number={2},
  pages={151--164},
  year={2007},
  publisher={Australian Computer Society Inc. Sydney, NSW}
}


@article{fuller2020population,
  title={Population genetics of the coral Acropora millepora: Toward genomic prediction of bleaching},
  author={Fuller, Zachary L and Mocellin, Veronique JL and Morris, Luke A and Cantin, Neal and Shepherd, Jihanne and Sarre, Luke and Peng, Julie and Liao, Yi and Pickrell, Joseph and Andolfatto, Peter and others},
  journal={Science},
  volume={369},
  number={6501},
  pages={eaba4674},
  year={2020},
  publisher={American Association for the Advancement of Science}
}

@article{enbody2023community,
  title={Community-wide genome sequencing reveals 30 years of Darwin’s finch evolution},
  author={Enbody, Erik D and Sendell-Price, Ashley T and Sprehn, C Grace and Rubin, Carl-Johan and Visscher, Peter M and Grant, B Rosemary and Grant, Peter R and Andersson, Leif},
  journal={Science},
  volume={381},
  number={6665},
  pages={eadf6218},
  year={2023},
  publisher={American Association for the Advancement of Science}
}

@article{tam2019benefits,
  title={Benefits and limitations of genome-wide association studies},
  author={Tam, Vivian and Patel, Nikunj and Turcotte, Michelle and Boss{\'e}, Yohan and Par{\'e}, Guillaume and Meyre, David},
  journal={Nature Reviews Genetics},
  volume={20},
  number={8},
  pages={467--484},
  year={2019},
  publisher={Nature Publishing Group UK London}
}

@article{yanez2023genome,
  title={Genome-wide association and genomic selection in aquaculture},
  author={Yanez, Jose M and Barria, Agustin and Lopez, Maria E and Moen, Thomas and Garcia, Baltasar F and Yoshida, Grazyella M and Xu, Peng},
  journal={Reviews in Aquaculture},
  volume={15},
  number={2},
  pages={645--675},
  year={2023},
  publisher={Wiley Online Library}
}

@article{kijas2018evolution,
  title={Evolution of sex determination loci in Atlantic salmon},
  author={Kijas, James and McWilliam, Sean and Naval Sanchez, Marina and Kube, Peter and King, Harry and Evans, Bradley and Nome, Torfinn and Lien, Sigbj{\o}rn and Verbyla, Klara},
  journal={Scientific Reports},
  volume={8},
  number={1},
  pages={5664},
  year={2018},
  publisher={Nature Publishing Group UK London}
}

@article{uffelmann2021genome,
  title={Genome-wide association studies},
  author={Uffelmann, Emil and Huang, Qin Qin and Munung, Nchangwi Syntia and De Vries, Jantina and Okada, Yukinori and Martin, Alicia R and Martin, Hilary C and Lappalainen, Tuuli and Posthuma, Danielle},
  journal={Nature Reviews Methods Primers},
  volume={1},
  number={1},
  pages={59},
  year={2021},
  publisher={Nature Publishing Group UK London}
}

@article{jorsboe2022efficient,
  title={Efficient approaches for large-scale GWAS with genotype uncertainty},
  author={J{\o}rsboe, Emil and Albrechtsen, Anders},
  journal={G3},
  volume={12},
  number={1},
  pages={jkab385},
  year={2022},
  publisher={Oxford University Press}
}

@article{zhou2012genome,
  title={Genome-wide efficient mixed-model analysis for association studies},
  author={Zhou, Xiang and Stephens, Matthew},
  journal={Nature genetics},
  volume={44},
  number={7},
  pages={821--824},
  year={2012},
  publisher={Nature Publishing Group US New York}
}

@article{zhou2014efficient,
  title={Efficient multivariate linear mixed model algorithms for genome-wide association studies},
  author={Zhou, Xiang and Stephens, Matthew},
  journal={Nature methods},
  volume={11},
  number={4},
  pages={407--409},
  year={2014},
  publisher={Nature Publishing Group US New York}
}

@article{purcell2007plink,
  title={PLINK: a tool set for whole-genome association and population-based linkage analyses},
  author={Purcell, Shaun and Neale, Benjamin and Todd-Brown, Kathe and Thomas, Lori and Ferreira, Manuel AR and Bender, David and Maller, Julian and Sklar, Pamela and De Bakker, Paul IW and Daly, Mark J and others},
  journal={The American journal of human genetics},
  volume={81},
  number={3},
  pages={559--575},
  year={2007},
  publisher={Elsevier}
}

@article{jiang2019resource,
  title={A resource-efficient tool for mixed model association analysis of large-scale data},
  author={Jiang, Longda and Zheng, Zhili and Qi, Ting and Kemper, Kathryn E and Wray, Naomi R and Visscher, Peter M and Yang, Jian},
  journal={Nature genetics},
  volume={51},
  number={12},
  pages={1749--1755},
  year={2019},
  publisher={Nature Publishing Group US New York}
}

@article{marchini2007new,
  title={A new multipoint method for genome-wide association studies by imputation of genotypes},
  author={Marchini, Jonathan and Howie, Bryan and Myers, Simon and McVean, Gil and Donnelly, Peter},
  journal={Nature genetics},
  volume={39},
  number={7},
  pages={906--913},
  year={2007},
  publisher={Nature Publishing Group US New York}
}

@article{prunier2019ld,
  title={LD-annot: a bioinformatics tool to automatically provide candidate SNPs with annotations for genetically linked genes},
  author={Prunier, Julien and Lema{\c{c}}on, Audrey and Bastien, Alexandre and Jafarikia, Mohsen and Porth, Ilga and Robert, Claude and Droit, Arnaud},
  journal={Frontiers in Genetics},
  volume={10},
  pages={1192},
  year={2019},
  publisher={Frontiers Media SA}
}

@article{capblancq2020genomic,
  title={Genomic prediction of (mal) adaptation across current and future climatic landscapes},
  author={Capblancq, Thibaut and Fitzpatrick, Matthew C and Bay, Rachael A and Exposito-Alonso, Moises and Keller, Stephen R},
  journal={Annual Review of Ecology, Evolution, and Systematics},
  volume={51},
  pages={245--269},
  year={2020},
  publisher={Annual Reviews}
}

@article{sayols2023rrvgo,
  title={rrvgo: a Bioconductor package for interpreting lists of Gene Ontology terms},
  author={Sayols, Sergi},
  journal={Micropublication Biology},
  volume={2023},
  year={2023},
  publisher={California Institute of Technology}
}

@article{supek2011revigo,
  title={REVIGO summarizes and visualizes long lists of gene ontology terms},
  author={Supek, Fran and Bo{\v{s}}njak, Matko and {\v{S}}kunca, Nives and {\v{S}}muc, Tomislav},
  journal={PloS one},
  volume={6},
  number={7},
  pages={e21800},
  year={2011},
  publisher={Public Library of Science San Francisco, USA}
}
@article{shumate2021liftoff,
  title={Liftoff: accurate mapping of gene annotations},
  author={Shumate, Alaina and Salzberg, Steven L},
  journal={Bioinformatics},
  volume={37},
  number={12},
  pages={1639--1643},
  year={2021},
  publisher={Oxford University Press}
}

@article{lellouche2018recent,
  title={Recent updates to the Copernicus Marine Service global ocean monitoring and forecasting real-time 1/12∘ high-resolution system},
  author={Lellouche, Jean-Michel and Greiner, Eric and Le Galloudec, Olivier and Garric, Gilles and Regnier, Charly and Drevillon, Marie and Benkiran, Mounir and Testut, Charles-Emmanuel and Bourdalle-Badie, Romain and Gasparin, Florent and others},
  journal={Ocean Science},
  volume={14},
  number={5},
  pages={1093--1126},
  year={2018},
  publisher={Copernicus Publications G{\"o}ttingen, Germany}
}

@article{xuereb2018asymmetric,
  title={Asymmetric oceanographic processes mediate connectivity and population genetic structure, as revealed by RAD seq, in a highly dispersive marine invertebrate (Parastichopus californicus)},
  author={Xuereb, Amanda and Benestan, Laura and Normandeau, {\'E}ric and Daigle, R{\'e}mi M and Curtis, Janelle MR and Bernatchez, Louis and Fortin, Marie-Jos{\'e}e},
  journal={Molecular Ecology},
  volume={27},
  number={10},
  pages={2347--2364},
  year={2018},
  publisher={Wiley Online Library}
}

@article{urban2024and,
  title={When and how can we predict adaptive responses to climate change?},
  author={Urban, Mark C and Swaegers, Janne and Stoks, Robby and Snook, Rhonda R and Otto, Sarah P and Noble, Daniel WA and Moiron, Maria and H{\"a}llfors, Maria H and G{\'o}mez-Llano, Miguel and Fior, Simone and others},
  journal={Evolution Letters},
  volume={8},
  number={1},
  pages={172--187},
  year={2024},
  publisher={Oxford University Press US}
}

@article{franks2012genetics,
  title={Genetics of climate change adaptation},
  author={Franks, Steven J and Hoffmann, Ary A},
  journal={Annual review of genetics},
  volume={46},
  pages={185--208},
  year={2012},
  publisher={Annual Reviews}
}

@article{geerts2015rapid,
  title={Rapid evolution of thermal tolerance in the water flea Daphnia},
  author={Geerts, AN and Vanoverbeke, Joost and Vanschoenwinkel, Bram and Van Doorslaer, Wendy and Feuchtmayr, Heidrun and Atkinson, David and Moss, Brian and Davidson, Thomas A and Sayer, Carl D and De Meester, Luc},
  journal={Nature Climate Change},
  volume={5},
  number={7},
  pages={665--668},
  year={2015},
  publisher={Nature Publishing Group UK London}
}

@article{booker2024wza,
  title={The WZA: A window-based method for characterizing genotype--environment associations},
  author={Booker, Tom R and Yeaman, Sam and Whiting, James R and Whitlock, Michael C},
  journal={Molecular Ecology Resources},
  volume={24},
  number={2},
  pages={e13768},
  year={2024},
  publisher={Wiley Online Library}
}

@article{pinsky2021diversification,
  title={Diversification spins a heatwave safety net for fisheries},
  author={Pinsky, Malin L},
  journal={Proceedings of the National Academy of Sciences},
  volume={118},
  number={3},
  pages={e2024412118},
  year={2021},
  publisher={National Acad Sciences}
}

@article{kang2010variance,
  title={Variance component model to account for sample structure in genome-wide association studies},
  author={Kang, Hyun Min and Sul, Jae Hoon and Service, Susan K and Zaitlen, Noah A and Kong, Sit-yee and Freimer, Nelson B and Sabatti, Chiara and Eskin, Eleazar},
  journal={Nature genetics},
  volume={42},
  number={4},
  pages={348--354},
  year={2010},
  publisher={Nature Publishing Group US New York}
}